
%% 熱電 %%
@book{I.Terasaki.BB24384699,
	author    = " 一郎, 寺崎",
	title     = "熱電材料の物質科学 : 熱力学・物性物理学・ナノ科学",
	publisher = "内田老鶴圃",
	year      = "2017",
	series    = "物質・材料テキストシリーズ",
	number    = "",
	URL       = "https://ci.nii.ac.jp/ncid/BB24384699"
}

%% LaPt2B %%
@Article{Manako2024,
	author={Manako, Hikari
	and Ohsumi, Shoya
	and Sato, Yoshiki J.
	and Okazaki, R.
	and Aoki, D.},
	title={Large transverse thermoelectric effect induced by the mixed-dimensionality of Fermi surfaces},
	journal={Nature Communications},
	year={2024},
	month={May},
	day={09},
	volume={15},
	number={1},
	pages={3907},
	issn={2041-1723},
	doi={10.1038/s41467-024-48217-0},
	url={https://doi.org/10.1038/s41467-024-48217-0}
}

@article{SOLOGUB2000_CPB,
	title = {New structure type of ternary intermetallic borides {$\mathrm{CePt_2B}$}},
	journal = {Journal of Alloys and Compounds},
	volume = {307},
	number = {1},
	pages = {40-44},
	year = {2000},
	issn = {0925-8388},
	doi = {https://doi.org/10.1016/S0925-8388(00)00825-2},
	url = {https://www.sciencedirect.com/science/article/pii/S0925838800008252},
	author = {O Sologub and P Salamakha and H Noël and M Potel and M Almeida and C Godart},
	keywords = {Rare earth compounds, Crystal structure, X-ray diffraction, Magnetization},
}

@article{SOLOGUB2003_LPB,
	title = {Crystal structure and physical properties of new ternary {$R\mathrm{Pt_2B}$} compounds, {$\mathrm{R=La, Pr, Nd}$}},
	journal = {Solid State Communications},
	volume = {127},
	number = {5},
	pages = {379-383},
	year = {2003},
	issn = {0038-1098},
	doi = {https://doi.org/10.1016/S0038-1098(03)00438-1},
	url = {https://www.sciencedirect.com/science/article/pii/S0038109803004381},
	author = {O.L Sologub and K Hiebl and P.S Salamakha},
	keywords = {A. Rare earth platinum borides, B. Crystal structure, D. Electrical resistivity, E. Magnetic measurements},
}

%% WSi2, MoSi2 %%
@article{Pavlosiuk_PhysRevB.105.075141,
	title = {Giant magnetoresistance, Fermi-surface topology, Shoenberg effect, and vanishing quantum oscillations in the type-II Dirac semimetal candidates {${\mathrm{MoSi}}_{2}$} and {${\mathrm{WSi}}_{2}$}},
	author = {Pavlosiuk, Orest and Swatek, Przemys\l{}aw Wojciech and Wang, Jian-Ping and Wiśniewski, Piotr and Kaczorowski, Dariusz},
	journal = {Phys. Rev. B},
	volume = {105},
	issue = {7},
	pages = {075141},
	numpages = {15},
	year = {2022},
	month = {Feb},
	publisher = {American Physical Society},
	doi = {10.1103/PhysRevB.105.075141},
	url = {https://link.aps.org/doi/10.1103/PhysRevB.105.075141}
}

@article{Mondal_PhysRevB.102.115158,
	title = {Extremely large magnetoresistance, anisotropic Hall effect, and Fermi surface topology in single-crystalline {${\mathrm{WSi}}_{2}$}},
	author = {Mondal, Rajib and Sasmal, Souvik and Kulkarni, Ruta and Maurya, Arvind and Nakamura, Ai and Aoki, Dai and Harima, Hisatomo and Thamizhavel, Arumugam},
	journal = {Phys. Rev. B},
	volume = {102},
	issue = {11},
	pages = {115158},
	numpages = {9},
	year = {2020},
	month = {Sep},
	publisher = {American Physical Society},
	doi = {10.1103/PhysRevB.102.115158},
	url = {https://link.aps.org/doi/10.1103/PhysRevB.102.115158}
}


@article{Koster_acs.chemmater.3c00183,
	author = {Koster, Karl G. and Deng, Ziling and Moore, Curtis E. and Heremans, Joseph P. and Windl, Wolfgang and Goldberger, Joshua E.},
	title = {Axis-Dependent Conduction Polarity in {WSi$_2$} Single Crystals},
	journal = {Chemistry of Materials},
	volume = {35},
	number = {11},
	pages = {4228-4234},
	year = {2023},
	doi = {10.1021/acs.chemmater.3c00183},
	url = {https://doi.org/10.1021/acs.chemmater.3c00183}
}

@article{Matin_PhysRevB.97.205130,
	title = {Extremely large magnetoresistance induced by Zeeman effect-driven electron-hole compensation and topological protection in {$\mathrm{MoSi}_{2}$}},
	author = {Matin, M. and Mondal, Rajib and Barman, N. and Thamizhavel, A. and Dhar, S. K.},
	journal = {Phys. Rev. B},
	volume = {97},
	issue = {20},
	pages = {205130},
	numpages = {7},
	year = {2018},
	month = {May},
	publisher = {American Physical Society},
	doi = {10.1103/PhysRevB.97.205130},
	url = {https://link.aps.org/doi/10.1103/PhysRevB.97.205130}
}


%%%%%%%%%%%%

%% TTE %%
@article{Goldsmid_2011application,
	title={Application of the transverse thermoelectric effects},
	author={Goldsmid, HJ},
	doi = {10.1007/s11664-010-1357-3},
	url = {https://doi.org/10.1007/s11664-010-1357-3},
	journal={Journal of electronic materials},
	volume={40},
	pages={1254--1259},
	year={2011},
	publisher={Springer}
}

@article{Zhou_PRL.110.227701,
	title = {Driving Perpendicular Heat Flow: ($p\mathbf{\ifmmode\times\else\texttimes\fi{}}n$)-Type Transverse Thermoelectrics for Microscale and Cryogenic Peltier Cooling},
	author = {Zhou, Chuanle and Birner, S. and Tang, Yang and Heinselman, K. and Grayson, M.},
	journal = {Phys. Rev. Lett.},
	volume = {110},
	issue = {22},
	pages = {227701},
	numpages = {5},
	year = {2013},
	month = {May},
	publisher = {American Physical Society},
	doi = {10.1103/PhysRevLett.110.227701},
	url = {https://link.aps.org/doi/10.1103/PhysRevLett.110.227701}
}

@article{Uchida2022thermoelectrics,
	title={Thermoelectrics: from longitudinal to transverse},
	author={Uchida, Ken-ichi and Heremans, Joseph P},
	journal={Joule},
	volume={6},
	number={10},
	pages={2240--2245},
	year={2022},
	publisher={Elsevier},
	doi={10.1016/j.joule.2022.08.016},
	url={https://doi.org/10.1016/j.joule.2022.08.016}
}

%%%%%%%%%%%%
%% BTP2 %%
@article{MADSEN2018140_BTP2,
	title = {BoltzTraP2, a program for interpolating band structures and calculating semi-classical transport coefficients},
	journal = {Computer Physics Communications},
	volume = {231},
	pages = {140-145},
	year = {2018},
	issn = {0010-4655},
	doi = {https://doi.org/10.1016/j.cpc.2018.05.010},
	url = {https://www.sciencedirect.com/science/article/pii/S0010465518301632},
	author = {Georg K.H. Madsen and Jesús Carrete and Matthieu J. Verstraete},
	keywords = {Boltzmann transport equation, }
}

%%%%%%%%%%%%

%% ANE %%
@article{Nature_Sakai2020,
	author={Sakai, Akito and Minami, Susumu and Koretsune, Takashi and Chen, Taishi and Higo, Tomoya and Wang, Yangming and Nomoto, Takuya and Hirayama, Motoaki and Miwa, Shinji and Nishio-Hamane, Daisuke and Ishii, Fumiyuki and Arita, Ryotaro and Nakatsuji, Satoru},
	title={Iron-based binary ferromagnets for transverse thermoelectric conversion},
	journal={Nature},
	year={2020},
	month={May},
	day={01},
	volume={581},
	number={7806},
	pages={53-57},
	issn={1476-4687},
	doi={10.1038/s41586-020-2230-z},
	url={https://doi.org/10.1038/s41586-020-2230-z}
}

@article{Sakai2018_ANE,
	title    = {Giant anomalous Nernst effect and quantum-critical scaling in a
	ferromagnetic semimetal},
	author   = {Sakai, Akito and Mizuta, Yo Pierre and Nugroho, Agustinus Agung
	and Sihombing, Rombang and Koretsune, Takashi and Suzuki,
	Michi-To and Takemori, Nayuta and Ishii, Rieko and Nishio-Hamane,
	Daisuke and Arita, Ryotaro and Goswami, Pallab and Nakatsuji,
	Satoru},
	journal  = {Nature Physics},
	volume   =  {14},
	number   =  {11},
	pages    = {1119--1124},
	year     =  {2018},
	doi = {10.1038/s41567-018-0225-6},
	URL = {https://doi.org/10.1038/s41567-018-0225-6},
}
@article{	Asaba2021_ANE,
	author = {T. Asaba  and V. Ivanov  and S. M. Thomas  and S. Y. Savrasov  and J. D. Thompson  and E. D. Bauer  and F. Ronning },
	title = {Colossal anomalous Nernst effect in a correlated noncentrosymmetric kagome ferromagnet},
	journal = {Science Advances},
	volume = {7},
	number = {13},
	pages = {eabf1467},
	year = {2021},
	doi = {10.1126/sciadv.abf1467},
	URL = {https://www.science.org/doi/abs/10.1126/sciadv.abf1467},
	}

@ARTICLE{Pan2022_ANE,
	title    = {Giant anomalous Nernst signal in the antiferromagnet {$\mathrm{YbMnBi_2}$}},
	author   = "Pan, Yu and Le, Congcong and He, Bin and Watzman, Sarah J and
	Yao, Mengyu and Gooth, Johannes and Heremans, Joseph P and Sun,
	Yan and Felser, Claudia",
	journal  = "Nature Materials",
	volume   =  "21",
	number   =  "2",
	pages    = "203--209",
	year     =  "2022",
	url = "https://doi.org/10.1038/s41563-021-01149-2",
	doi = "10.1038/s41563-021-01149-2",
}

@article{feng2022_ANE,
	title={Large transverse and longitudinal magneto-thermoelectric effect in polycrystalline nodal-line semimetal Mg$_3$Bi$_2$},
	author={Feng, Tao and Wang, Panshuo and Han, Zhijia and Zhou, Liang and Zhang, Wenqing and Liu, Qihang and Liu, Weishu},
	journal={Advanced Materials},
	volume={34},
	number={19},
	pages={2200931},
	year={2022},
	doi = {10.1002/adma.202200931},
	URL = {https://doi.org/10.1002/adma.202200931},
	publisher={Wiley Online Library}
}

@article{roychowdhury2022_ANE,
	title={Large room temperature anomalous transverse thermoelectric effect in Kagome antiferromagnet YMn$_6$Sn$_6$},
	author={Roychowdhury, Subhajit and Ochs, Andrew M and Guin, Satya N and Samanta, Kartik and Noky, Jonathan and Shekhar, Chandra and Vergniory, Maia G and Goldberger, Joshua E and Felser, Claudia},
	journal={Advanced Materials},
	volume={34},
	number={40},
	pages={2201350},
	year={2022},
	doi = {10.1002/adma.202201350},
	URL = {https://doi.org/10.1002/adma.202201350},
	publisher={Wiley Online Library}
}

%%%%%%%%%%%%

%% p \times n %%

@Article{Tang2015,
	author={Tang, Yang
	and Cui, Boya
	and Zhou, Chuanle
	and Grayson, Matthew},
	title={$p$ {\texttimes} $n$-Type Transverse Thermoelectrics: A Novel Type of Thermal Management Material},
	journal={Journal of Electronic Materials},
	year={2015},
	month={Jun},
	day={01},
	volume={44},
	number={6},
	pages={2095-2104},
	issn={1543-186X},
	doi={10.1007/s11664-015-3666-z},
	url={https://doi.org/10.1007/s11664-015-3666-z}
}

% Re4Si7
@article{scudder2021highly,
	title={Highly efficient transverse thermoelectric devices with {Re$_4$Si$_7$} crystals},
	author={Scudder, Michael R and He, Bin and Wang, Yaxian and Rai, Akash and Cahill, David G and Windl, Wolfgang and Heremans, Joseph P and Goldberger, Joshua E},
	journal={Energy \& Environmental Science},
	volume={14},
	number={7},
	pages={4009--4017},
	year={2021},
	publisher={Royal Society of Chemistry},
	doi={10.1039/D1EE00923K},
	url={https://doi.org/10.1039/D1EE00923K}
}

@article{ochs2024synergizing,
	title={Synergizing a Large Ordinary Nernst Effect and Axis-Dependent Conduction Polarity in Flat Band KMgBi Crystals},
	author={Ochs, Andrew M and Fecher, Gerhard H and He, Bin and Schnelle, Walter and Felser, Claudia and Heremans, Joseph P and Goldberger, Joshua E},
	journal={Advanced Materials},
	volume={36},
	number={2},
	pages={2308151},
	year={2024},
	publisher={Wiley Online Library},
	doi={10.1002/adma.202308151},
	url={https://doi.org/10.1002/adma.202308151}
}

% single-band
@Article{NM_He2019,
	author={He, Bin
	and Wang, Yaxian
	and Arguilla, Maxx Q.
	and Cultrara, Nicholas D.
	and Scudder, Michael R.
	and Goldberger, Joshua E.
	and Windl, Wolfgang
	and Heremans, Joseph P.},
	title={The Fermi surface geometrical origin of axis-dependent conduction polarity in layered materials},
	journal={Nature Materials},
	year={2019},
	month={Jun},
	day={01},
	volume={18},
	number={6},
	pages={568-572},
	issn={1476-4660},
	doi={10.1038/s41563-019-0309-4},
	url={https://doi.org/10.1038/s41563-019-0309-4}
}



@article{acs.chemmater.3c02970.Goto,
	author = {Goto, Yosuke and Usui, Hidetomo and Murata, Masayuki and Goldberger, Joshua E. and Heremans, Joseph P. and Lee, Chul-Ho},
	title = {Band Anisotropy Generates Axis-Dependent Conduction Polarity of Mg$_3$Sb$_2$ and Mg$_3$Bi$_2$},
	journal = {Chemistry of Materials},
	volume = {36},
	number = {4},
	pages = {2018-2026},
	year = {2024},
	doi = {10.1021/acs.chemmater.3c02970},
	URL = {https://doi.org/10.1021/acs.chemmater.3c02970},
	eprint = {https://doi.org/10.1021/acs.chemmater.3c02970}
}






%%%%%%%%%%%%

%% FermiSurfer %%
@article{Kawamura2019,
	author = {Mitsuaki Kawamura},
	doi = {https://doi.org/10.1016/j.cpc.2019.01.017},
	issn = {0010-4655},
	journal = {Comp. Phys. Commun.},
	pages = {197-203},
	title = {{FermiSurfer: Fermi-surface viewer providing multiple representation schemes}},
	volume = {239},
	year = {2019},
}

%%%%%%%%%%%%

%% VESTA %%
@article{Momma2011,
	author = {Momma, Koichi and Izumi, Fujio},
	url = {https://doi.org/10.1107/S0021889811038970},
	doi = {10.1107/S0021889811038970},
	journal = {J. Appl. Crystal.},
	keywords = {{VESTA 3, data visualization, electronic state calculations, Voronoi tessellation, computer programs}},
	month = {Dec},
	number = {6},
	pages = {1272--1276},
	title = {{{\it VESTA3} for three-dimensional visualization of crystal, volumetric and morphology data}},
	volume = {44},
	year = {2011},
}
%%%%%%%%%%%%

%% QE %%
@article{Giannozzi2009_QE,
	author = {Paolo Giannozzi and Stefano Baroni and Nicola Bonini and Matteo Calandra and Roberto Car and Carlo Cavazzoni and Davide Ceresoli and Guido L Chiarotti and Matteo Cococcioni and Ismaila Dabo and Andrea Dal Corso and Stefano de Gironcoli and Stefano Fabris and Guido Fratesi and Ralph Gebauer and Uwe Gerstmann and Christos Gougoussis and Anton Kokalj and Michele Lazzeri and Layla Martin-Samos and Nicola Marzari and Francesco Mauri and Riccardo Mazzarello and Stefano Paolini and Alfredo Pasquarello and Lorenzo Paulatto and Carlo Sbraccia and Sandro Scandolo and Gabriele Sclauzero and Ari P Seitsonen and Alexander Smogunov and Paolo Umari and Renata M Wentzcovitch},
	doi = {10.1088/0953-8984/21/39/395502},
	journal = {J. Phys.: Condens. Matter},
	month = {sep},
	number = {39},
	pages = {395502},
	title = {{QUANTUM ESPRESSO: a modular and open-source software project for quantum simulations of materials}},
	url = {https://dx.doi.org/10.1088/0953-8984/21/39/395502},
	volume = {21},
	year = {2009},
	bdsk-url-1 = {https://dx.doi.org/10.1088/0953-8984/21/39/395502}
}

@article{Giannozzi2017_QE,
	author = {P Giannozzi and O Andreussi and T Brumme and O Bunau and M Buongiorno Nardelli and M Calandra and R Car and C Cavazzoni and D Ceresoli and M Cococcioni and N Colonna and I Carnimeo and A Dal Corso and S de Gironcoli and P Delugas and R A DiStasio and A Ferretti and A Floris and G Fratesi and G Fugallo and R Gebauer and U Gerstmann and F Giustino and T Gorni and J Jia and M Kawamura and H-Y Ko and A Kokalj and E K{\"u}{\c c}{\"u}kbenli and M Lazzeri and M Marsili and N Marzari and F Mauri and N L Nguyen and H-V Nguyen and A Otero-de-la-Roza and L Paulatto and S Ponc{\'e} and D Rocca and R Sabatini and B Santra and M Schlipf and A P Seitsonen and A Smogunov and I Timrov and T Thonhauser and P Umari and N Vast and X Wu and S Baroni},
	doi = {10.1088/1361-648X/aa8f79},
	journal = {J. Phys.: Condens. Matter},
	month = {oct},
	number = {46},
	pages = {465901},
	publisher = {IOP Publishing},
	title = {{Advanced capabilities for materials modelling with Quantum ESPRESSO}},
	url = {https://dx.doi.org/10.1088/1361-648X/aa8f79},
	volume = {29},
	year = {2017},
	bdsk-url-1 = {https://dx.doi.org/10.1088/1361-648X/aa8f79}
}
